2178 3435
228 172 283 214 56
947 171 1016 205 Ars
1041 170 1214 206 amatoria

345 292 412 327 660

504 284 594 326 Fac
624 283 817 325 madidas
848 283 1010 334 videat,
1042 282 1078 323 si
1109 285 1241 335 potes,
1273 283 1351 324 illa
1382 295 1535 335 genas3

435 341 481 384 Si
511 340 716 382 lacrimae
748 340 902 392 (neque
934 340 1047 380 enim
1078 339 1260 381 veniunt
1290 338 1334 380 in
1365 342 1554 392 tempore
1586 339 1768 394 semper)

505 397 728 449 Deficient,
756 397 841 437 uda
867 396 1030 436 lumina
1060 398 1193 447 tange
1224 396 1374 436 manu!

437 455 543 509 Quis
570 453 742 504 sapiens
769 452 941 493 blandis
972 463 1055 493 non
1086 451 1263 492 misceat
1293 452 1439 493 oscula
1469 451 1645 494 verbis?

504 511 588 551 Illa
616 509 719 550 licet
749 520 829 549 non
864 509 949 560 det,
981 520 1064 549 non
1096 508 1201 549 data
1231 520 1348 549 sume
1379 509 1546 550 tamen!

346 576 412 609 665
440 566 659 619 Pugnabit
689 565 823 618 primo
854 564 1053 606 fortassis
1078 567 1123 605 et
1149 562 1357 616 ‘inprobe'
1382 564 1517 606 dicet:

504 624 744 675 Pugnando
775 621 892 664 vinci
924 634 968 663 se
995 625 1140 662 tamen
1170 620 1247 662 illa
1279 621 1415 673 volet3

437 682 624 722 Tantum
654 692 708 720 ne
731 681 916 720 noceant
945 677 1107 720 teneris
1137 678 1248 720 male
1277 681 1406 730 rapta
1435 677 1619 731 labellis,

505 737 625 778 Neve
652 736 774 787 queri
805 735 941 788 possit
971 736 1079 777 dura
1109 734 1255 787 fuisse,
1287 735 1411 777 cave!

437 793 593 836 Oscula
623 793 696 845 qui
726 792 919 845 sumpsit,
952 791 987 833 si
1018 804 1102 834 non
1133 796 1178 834 et
1208 796 1352 834 cetera
1383 790 1577 843 sumpsit,

346 859 413 894 670

506 851 627 892 Haec
659 862 837 903 quoque,
869 862 978 901 quae
1010 851 1115 891 data
1146 852 1258 903 sunt,
1290 849 1469 901 perdere
1500 847 1656 901 dignus
1686 846 1781 889 erit.

437 907 655 962 Quantum
685 906 884 949 defuerat
914 906 1038 959 pleno
1070 909 1167 959 post
1199 906 1344 948 oscula
1374 904 1506 948 voto?

506 964 561 1006 Ei
591 964 716 1005 mihil
747 962 981 1017 rusticitas,
1013 976 1095 1005 non
1129 964 1264 1016 pudor
1294 963 1369 1005 ille
1397 962 1501 1004 fuit!

439 1021 537 1063 Vim
566 1021 669 1062 licet
700 1021 901 1073 appelleS,
934 1024 1107 1073 gratast
1133 1020 1200 1063 vis
1232 1019 1318 1062 ista
1345 1019 1520 1073 puellis:

507 1078 628 1132 Quod
658 1077 792 1130 iuvat,
823 1077 989 1119 invitae
1018 1089 1145 1129 saepe
1178 1077 1348 1119 dedisse
1379 1077 1539 1119 volunt.

346 1142 413 1176 675
440 1134 786 1188 Quaecumquest
816 1134 999 1176 Veneris
1032 1134 1176 1176 subita
1207 1133 1371 1176 violata
1401 1133 1565 1186 rapina,

507 1192 688 1243 Gaudet,
721 1195 764 1233 et
794 1191 1034 1243 inprobitas
1066 1190 1254 1232 muneris
1285 1190 1425 1232 instar
1454 1191 1606 1242 habet3

440 1248 502 1290 At
533 1261 641 1300 quae
672 1261 765 1290 cum
797 1251 943 1301 posset
974 1247 1080 1301 cogi,
1110 1260 1195 1289 non
1219 1251 1340 1289 tacta
1367 1247 1557 1300 recessit,

506 1305 567 1347 Ut
598 1305 769 1347 simulet
800 1305 923 1347 vultu
952 1305 1122 1359 gaudia,
1150 1304 1293 1346 tristis
1324 1304 1418 1346 erit.

442 1361 539 1404 Vim
568 1366 742 1415 passast
772 1363 958 1415 Phoebe,
987 1362 1056 1404 vis
1088 1366 1155 1404 est
1182 1362 1316 1403 allata
1347 1361 1500 1413 sorori3

347 1426 415 1461 680

236 1521 350 1556 findet
373 1521 435 1555 der
461 1520 673 1565 Ziegenhirt
698 1520 799 1555 darin
825 1520 941 1564 Trost,
968 1521 1050 1555 dass

239 1566 335 1601 seine
375 1566 570 1609 Amaryllis
618 1564 680 1598 01³2
728 1564 953 1607 ἀδαμαντίνη
997 1565 1056 1600 ist,

236 1612 402 1646 Dieselbe
434 1612 670 1656 Vorstellung
703 1611 814 1646 findet
851 1611 925 1645 sich
958 1611 1054 1646 dann

238 1657 292 1692 oft
324 1657 362 1691 in
395 1657 457 1692 der
489 1658 686 1692 romischen
720 1657 854 1701 Poesie,
888 1657 962 1701 vgl.
989 1656 1053 1692 Ov.

236 1703 332 1738 trist.
358 1703 411 1738 IV
432 1703 543 1746 6,14;
570 1704 734 1747 (tempus)
761 1702 901 1747 rigidas
925 1702 1053 1745 silices,

238 1749 302 1783 hoc
327 1748 527 1782 adamanta
554 1749 649 1783 terit.
674 1749 727 1783 IV
751 1748 783 1793 8,
810 1749 863 1782 45.
905 1759 972 1783 am,
998 1748 1055 1782 ΙΠ

241 1796 271 1839 7,
297 1795 358 1828 57:
394 1793 460 1827 illa
488 1805 616 1839 graves
642 1794 771 1838 potuit
795 1804 945 1837 quercus
971 1793 1055 1828 αάα-

238 1841 432 1883 mantaque
448 1840 582 1874 clm-um
600 1839 790 1874 blanditiis
810 1850 953 1874 movere.
984 1840 1054 1874 Da-

241 1886 304 1920 her
329 1886 466 1919 erklart
491 1896 526 1920 es
552 1886 626 1920 sich
652 1886 752 1929 auch,
779 1886 862 1920 dass
880 1886 943 1919 das
961 1885 1056 1919 Thor

242 1931 303 1966 des
327 1931 649 1966 unerweichlichen
667 1931 788 1966 Hades
814 1942 879 1965 aus
905 1930 1057 1965 adamas

241 1976 291 2012 ist
316 1977 354 2020 (s.
380 1977 571 2011 Rothstein
597 1988 642 2011 zu
668 1977 771 2020 Prop.
797 1977 850 2011 IV
875 1976 929 2010 11.
954 1976 998 2021 3).

333 2022 414 2057 666.
450 2022 533 2067 Vgl.
552 2034 659 2057 amor.
685 2024 703 2057 I
720 2024 751 2066 5,
778 2022 838 2057 15:
864 2033 954 2065 quae
976 2033 1057 2055 cum

242 2067 297 2102 ila
332 2069 533 2112 pugnaret,
573 2069 757 2112 uunquam
793 2079 882 2111 quae
917 2067 1058 2102 vincere

241 2113 360 2157 nollet,
387 2113 520 2147 victast
542 2124 615 2147 ozon
633 2125 735 2158 (seqre
754 2112 963 2157 proditione
979 2124 1057 2147 sua.

334 2159 416 2194 667.
461 2159 627 2193 Gemeint
665 2159 745 2194 sind
781 2170 825 2194 zu
861 2162 1058 2204 ungestiim

241 2204 571 2239 leidenschaftliche
589 2206 714 2249 Kusse,
738 2205 795 2239 ein
812 2205 903 2249 Biss,
923 2206 985 2239 der
1002 2205 1059 2239 ein

242 2250 316 2285 Mal
340 2250 576 2284 zuriickla'sst.
625 2251 708 2285 Hor.
735 2262 841 2285 carin.
874 2251 892 2284 Ι
917 2250 969 2294 13,
996 2251 1058 2284 11:

238 2306 333 2340 puer
363 2294 490 2338 furens
525 2295 705 2339 impressit
736 2307 926 2330 memorem
957 2295 1060 2330 dente

245 2340 357 2375 labris
373 2342 508 2376 notam.
550 2341 627 2375 Tib.
645 2343 662 2375 I
687 2342 718 2385 6,
746 2342 804 2375 14:
832 2341 931 2386 livor,
957 2352 1060 2385 quem

242 2386 338 2430 facit
360 2385 533 2431 impresso
550 2389 679 2420 ναιίιια
701 2386 803 2421 dente
822 2387 950 2422 Venus.
993 2388 1011 2421 I
1028 2387 1059 2431 8,

244 2432 306 2467 38:
342 2431 384 2465 in
416 2431 502 2466 collo
533 2432 638 2477 figere
678 2432 780 2466 dente
816 2435 931 2467 notas.
994 2433 1058 2468 Ov.

245 2488 355 2512 amor.
381 2478 400 2511 Ι
425 2478 454 2521 7,
480 2477 534 2511 41.

336 2523 417 2558 671.
445 2523 553 2567 pleno
570 2525 650 2557 voto
668 2523 736 2557 wie
754 2523 908 2557 Theokr.
929 2524 959 2566 2,
976 2523 1059 2558 143;

245 2569 410 2612 ἐπράχθη
424 2569 467 2600 τὰ
492 2570 651 2613 μέγιστα,
677 2570 734 2599 καὶ
752 2569 785 2602 ἐς
806 2567 929 2600 πόθον
949 2568 1061 2609 ἤνθο-

246 2627 307 2655 ,ιιες
332 2613 447 2658 ἄμφω.
500 2614 590 2649 Stat.
617 2614 744 2648 Achill.
770 2614 787 2647 Ι
812 2613 897 2647 642:
916 2614 1062 2657 potitur

245 2659 349 2694 votis.

338 2705 419 2739 673.
467 2704 551 2749 Vgl.
588 2704 715 2739 Achill.
754 2704 835 2739 Tat.
872 2705 890 2738 Ι
927 2704 979 2748 10,
1018 2705 1060 2739 6:

249 2777 255 2784 .
283 2778 290 2784 .
317 2777 323 2783 .
351 2747 516 2785 πολλάκις
553 2747 589 2781 δὲ
624 2752 682 2781 καὶ
718 2750 860 2782 ἑκοῦσαι
897 2748 985 2793 πρὸς
1020 2749 1062 2782 τὸ

249 2796 354 2841 ἔργον
369 2795 554 2838 ἐρχόμεναι
569 2793 716 2827 θέλουσι
733 2795 923 2837 βιάζεσθαι
935 2792 1061 2833 δοκεῖν,

249 2842 306 2872 ἵνα
339 2842 381 2882 τῇ
413 2839 494 2882 δόξῃ
527 2842 587 2882 τῆς
611 2839 762 2884 ιῖινάγκης
786 2839 1062 2882 ἀποτρέπωνται

249 2887 309 2927 τῆς
346 2886 508 2927 (ιίοχῦνης
547 2885 589 2919 τὸ
627 2886 798 2920 ἑκούσιον.
859 2885 906 2927 μὴ
941 2889 1064 2918 ’τοίνυν

249 2929 415 2972 ὀκνήσῃς,
460 2931 522 2963 ἐὰν
559 2930 833 2973 (ἱνθιοταμέπήν
868 2930 951 2973 ἴδῃς,
987 2929 1060 2964 ἀλλ’

507 1419 567 1461 Et
598 1423 750 1473 gratus
781 1422 933 1472 raptae
964 1422 1113 1472 raptor
1143 1422 1325 1471 uterque
1356 1417 1452 1460 fuit.

1121 1519 1299 1562 ἐπιτήρει,
1332 1520 1405 1553 πῶς
1437 1517 1664 1553 ἀνθίσταται,
1721 1521 1845 1562 σοφίας
1869 1517 1938 1561 γὰρ

1127 1563 1315 1598 κάνταῦθα
1353 1562 1412 1598 δεῖ.
1476 1562 1542 1596 κᾶν
1577 1564 1645 1604 μὲν
1681 1564 1939 1608 προσκαρτερῇ

1125 1612 1259 1650 ἐπίσχες
1298 1609 1364 1651 τὴν
1399 1612 1494 1652 βίαν,
1535 1606 1635 1642 οὔπω
1669 1607 1737 1654 γὰρ
1773 1609 1941 1641 πείθεται

1124 1658 1212 1702 (vgl.
1238 1667 1294 1690 ars
1320 1656 1412 1699 715).

1215 1702 1297 1736 679.
1342 1701 1568 1746 Anspielung
1600 1699 1666 1735 auf
1696 1699 1752 1735 die
1777 1711 1847 1735 von
1871 1699 1942 1734 den

1124 1748 1298 1783 Dichtern
1348 1747 1473 1792 haufig
1516 1746 1677 1790 poetisch
1723 1749 1942 1781 verwertete

1125 1795 1218 1838 Sage
1235 1804 1303 1827 von
1320 1792 1462 1828 Phoebe
1479 1793 1553 1827 und
1569 1791 1720 1834 Hilaira,
1743 1792 1810 1826 den
1828 1791 1940 1826 Toch-

1127 1844 1207 1874 tern
1240 1839 1301 1873 des
1334 1838 1538 1882 Leukippos
1568 1837 1741 1882 (Apollod.
1767 1837 1825 1871 III
1849 1836 1941 1880 117).

1125 1886 1209 1930 Vgl.
1246 1884 1353 1918 schol.
1397 1895 1442 1918 zu
1478 1883 1581 1918 Pind.
1622 1883 1722 1918 Nem.
1771 1882 1832 1926 10,
1877 1881 1941 1916 60.—

1127 1930 1279 1974 Λυγκεὺς
1310 1932 1368 1961 καὶ
1394 1927 1493 1970 Ἴδας,
1531 1930 1565 1960 οἱ
1600 1923 1770 1974 Ἀφαρέως
1809 1924 1941 1965 παῖδες,

1128 1974 1414 2017 ἐμιήοτεύοαντο
1439 1973 1500 2009 τὰς
1516 1975 1721 2006 Λευκίππου
1739 1974 1943 2016 θυγατέρας

1131 2023 1268 2062 Φοίβην
1299 2022 1357 2052 καὶ
1382 2016 1572 2063 Ἑλάειραν,
1603 2018 1693 2052 κατὰ
1717 2016 1753 2051 δὲ
1776 2017 1842 2060 τὴν
1866 2019 1944 2050 τῶν

1126 2067 1252 2112 γάμων
1297 2064 1446 2106 εὐωχίαν
1488 2064 1574 2099 ’τούς
1613 2064 1855 2107 Διοσκούρους
1895 2064 1943 2098 εἰς

1129 2114 1286 2145 ἑστίασιν
1334 2109 1521 2144 ἐκάλεσαν·
1571 2112 1605 2143 οἱ
1652 2108 1689 2142 δὲ
1734 2109 1796 2144 τὰς
1835 2109 1943 2154 κόρας

1128 2157 1400 2203 ἀφαρπάσαντες
1431 2153 1644 2201 α’πέφευγον,
1677 2160 1711 2188 οἱ
1735 2153 1772 2187 δὲ
1797 2152 1945 2187 ἐδίωκον

1129 2206 1185 2237 καὶ
1227 2207 1433 2236 συνίσταται
1471 2211 1546 2236 τοῖς
1584 2199 1847 2247 Ἀφαρητιάδαις
1884 2199 1943 2234 καὶ

1128 2259 1202 2284 τοῖς
1227 2247 1464 2291 Διοσκούροις
1497 2247 1590 2290 μάχη
1614 2249 1698 2290 περὶ
1720 2248 1794 2280 τῶν
1817 2244 1944 2292 γάμων

1129 2299 1186 2328 καὶ
1204 2294 1403 2339 ἀναιρεῖται
1417 2292 1586 2337 Κάστωρ.
1623 2291 1698 2325 εἶτα
1719 2290 1946 2332 Πολυδεύκης

1130 2337 1270 2374 α’νεϊλεν
1305 2339 1536 2384 ἀμφοτέρους,
1573 2337 1844 2380 συμπράξαντος
1878 2337 1946 2370 τοῦ

1130 2386 1220 2421 Διὸς
1243 2387 1300 2418 καὶ
1324 2385 1497 2428 κεραυνὸν
1522 2385 1640 2418 αὐτοῖς
1665 2384 1944 2427 ἐπιπέμψαντος.

1129 2432 1213 2476 Vgl.
1270 2431 1326 2466 die
1377 2431 1588 2475 Erzahlung
1634 2430 1826 2465 Theokrits
1873 2429 1944 2473 (22,

1130 2477 1334 2521 137-211).
1393 2477 1497 2521 Prop.
1534 2477 1553 2510 Ι
1585 2476 1616 2519 2,
1654 2476 1706 2510 15.
1762 2475 1826 2510 Ov.
1858 2475 1944 2510 fast.

1130 2524 1160 2557 V
1187 2522 1254 2557 699
1264 2522 1299 2556 ff.

1222 2568 1300 2603 Von
1336 2566 1527 2601 bildlichen
1563 2566 1844 2611 Darstellungen
1880 2565 1945 2600 der

1132 2615 1232 2658 Lage
1280 2613 1417 2656 spricht
1464 2611 1661 2646 Pausanias
1710 2612 1761 2656 (ΙΙ
1806 2611 1861 2654 22,
1910 2611 1942 2644 5.

1130 2660 1183 2694 IV
1207 2659 1261 2703 31,
1288 2658 1343 2702 12)
1374 2658 1447 2693 und
1481 2668 1518 2692 er
1544 2657 1707 2692 erwahnt
1736 2657 1806 2702 (ΙΠ
1830 2655 1883 2700 16,
1910 2655 1942 2699 1)

1132 2704 1189 2739 ein
1215 2704 1418 2749 Heiligtum
1445 2704 1507 2737 der
1531 2703 1672 2738 Hilaira
1703 2703 1776 2737 und
1801 2700 1943 2737 Phoebe

1132 2751 1168 2785 in
1194 2750 1333 2794 Sparta.
1382 2749 1466 2793 Vgl.
1493 2749 1608 2783 Cram.
1635 2759 1690 2783 an.
1715 2749 1797 2782 Par.
1823 2747 1841 2781 I
1865 2745 1942 2784 298,

1132 2796 1175 2829 12
1186 2796 1219 2830 ff.
1253 2796 1423 2830 Bekannt
1439 2795 1488 2829 ist
1504 2794 1561 2829 die
1578 2793 1838 2829 kiinstlerische
1855 2792 1944 2826 Dar-

1132 2842 1295 2885 stellung
1331 2841 1392 2875 des
1428 2839 1794 2883 Dioskurenkampfes
1831 2837 1943 2872 durch

1132 2887 1314 2931 Polygnot.
1337 2886 1375 2920 in
1401 2887 1538 2921 Athen:
1564 2885 1797 2928 Baumeister,
1823 2882 1942 2918 Denk-

1132 2933 1244 2967 malcr
1268 2933 1285 2966 I
1310 2932 1386 2966 452.
