2178 3435
904 147 941 181 H
965 146 1156 181 606—630.

291 270 358 304 615
385 263 435 304 In
467 261 604 303 medio
635 260 877 313 passimque
911 259 996 301 coit
1026 271 1175 312 pecus:
1207 260 1285 300 hoc
1317 270 1484 310 quoque
1515 258 1608 301 viso

450 318 626 361 Avertit
658 318 806 360 vultus
838 329 988 369 nempe
1020 317 1165 369 puella
1198 328 1304 357 suos.

382 375 653 418 Conveniunt
683 374 865 416 thalami
897 374 1026 415 furtis
1059 377 1103 415 et
1133 373 1265 414 ianua
1301 372 1472 426 nostris,

449 433 643 483 Parsque
672 432 751 473 sub
784 431 945 472 iniecta
977 434 1099 472 veste
1129 431 1329 482 pudenda
1360 430 1480 482 latet,

381 489 441 531 Et
473 489 509 531 si
537 501 621 530 non
653 489 868 540 tenebras,
901 492 946 529 at
979 487 1181 539 quiddam
1213 487 1340 528 nubis
1372 499 1530 538 opacae

292 553 360 588 620

453 545 708 599 Quaerimus
741 549 871 596 atque
907 544 1073 596 aliquid
1104 544 1198 585 11100
1229 547 1410 596 patente
1442 543 1594 595 minus²

383 604 504 645 Tunc
535 614 712 655 quoque,
743 615 835 643 011111
869 601 998 643 3010111
1030 602 1214 642 nondum
1246 600 1508 651 prohibebat
1533 604 1578 641 et
1604 599 1780 641 imbrem

454 660 632 713 Tegula,
665 660 738 701 sed
771 670 952 709 quercus
984 661 1105 698 tecta
1137 657 1363 707 cibumque
1395 658 1541 709 dabat,

385 717 436 758 In
467 728 639 758 nemore
671 719 803 766 atque
836 714 987 765 antris,
1019 726 1100 754 non
1135 714 1215 754 sub
1247 714 1360 761 Iove,
1393 713 1543 754 iuncta
1574 714 1798 765 voluptas:

454 774 599 814 Tanta
629 772 727 813 rudi
756 771 910 823 populo
944 783 1048 811 cura
1078 770 1255 822 pudoris
1288 773 1404 816 erat:

294 837 360 872 625
386 830 448 871 Α1
478 842 591 871 1111110
621 828 844 870 nocturnis
876 827 1030 868 titulos
1061 826 1305 877 inponimus
1337 826 1460 877 actis,

452 888 597 937 Atque
627 884 785 927 emitur
816 896 972 936 magno
1003 883 1064 924 nil
1095 882 1180 925 nisi
1211 895 1334 934 posse
1365 882 1501 934 loqui!

383 943 558 985 Scilicet
589 941 781 983 excuties
814 940 950 981 01111113
982 940 1227 992 ubiquaque
1259 940 1440 992 puellas,

452 999 641 1041 Cuilibet
670 1001 719 1039 ut
751 997 869 1039 dicas
901 996 1023 1039 ‘haec
1052 1009 1219 1048 quoque
1250 1001 1401 1038 nostra
1433 993 1564 1038 fuit'?

383 1056 446 1097 Ne
479 1055 632 1108 desint,
665 1067 773 1106 quas
805 1058 854 1096 tu
886 1054 1037 1107 digitis
1069 1055 1295 1095 ostendere
1326 1053 1474 1105 possis,

294 1120 361 1154 630

181 1226 406 1270 incurvetur,
451 1225 631 1269 simulque
671 1225 808 1259 laevam
848 1236 1001 1259 manuni

179 1271 266 1316 pubi
283 1273 453 1316 opponat,
478 1273 521 1306 ut
536 1271 650 1305 solent
659 1270 801 1315 puellae
818 1270 883 1304 isti
892 1270 997 1314 parti

181 1317 355 1352 timentes.

271 1363 352 1398 616.
392 1363 532 1398 Anders
558 1363 620 1397 der
644 1362 729 1396 Hirt
758 1361 815 1396 bei
841 1362 996 1396 Theokr.

181 1409 211 1450 1,
237 1408 299 1443 87:
332 1405 471 1449 ιρπόλος
501 1407 576 1441 ὅκκ’
608 1408 714 1452 ἐσορῇ
745 1408 806 1441 τάς
837 1406 998 1449 μηκάδας

180 1453 239 1487 οἷα
272 1455 481 1497 βατεῦνται,
515 1454 660 1486 τάκεται
696 1450 906 1497 ὀφθαλμώς,
943 1452 998 1485 ὅτι

180 1499 224 1532 οὗ
246 1500 375 1543 τράγος
403 1499 508 1533 αὐτὸς
531 1499 663 1543 ἔγεντο.

272 1545 354 1580 618.
401 1546 473 1580 Der
497 1545 587 1580 Vers
620 1544 781 1579 erinnert
814 1555 859 1579 an
889 1555 996 1578 amor.

181 1591 199 1626 I
223 1591 255 1635 4,
281 1591 342 1625 47:
375 1601 479 1635 saepe
511 1590 602 1624 mihi
634 1589 868 1634 dominaeque
900 1601 998 1624 meae

176 1639 374 1681 properata
391 1637 556 1680 voluptas
572 1638 695 1670 veste
715 1635 794 1670 sub
820 1635 998 1669 iniecta

183 1681 283 1716 dulce
303 1682 445 1727 pereyit
467 1693 563 1727 opus.
609 1681 785 1716 Aehnlioh
810 1681 900 1716 auch
925 1681 997 1716 her.

183 1729 227 1762 15
261 1727 340 1772 (16),
374 1729 459 1762 221:
499 1738 650 1771 rumpor
685 1729 719 1761 et
753 1726 896 1761 invideo
923 1754 930 1761 .
957 1754 963 1761 .

182 1772 341 1808 membra
365 1773 567 1818 superiecta
592 1784 672 1807 curn
699 1774 763 1807 tua
780 1775 870 1807 veste
891 1772 998 1815 fovet.

183 1819 287 1863 Prop.
313 1818 333 1852 I
358 1820 389 1864 4,
414 1819 474 1853 14:
496 1818 634 1864 yauclia
657 1818 723 1852 sub
750 1818 861 1852 tacita
886 1817 1000 1852 (licere

182 1866 275 1899 veste
292 1864 384 1900 libet.
409 1865 493 1909 Vgl.
508 1865 599 1899 auch
614 1865 757 1899 Petron.
773 1864 826 1898 11.
853 1863 999 1898 Theoor.

182 1909 237 1954 18,
256 1909 316 1944 19:
341 1911 458 1944 Zowos
480 1923 535 1942 τοι
554 1911 716 1954 θυγάτηρ
743 1908 811 1942 ὑπὸ
829 1910 897 1942 τάν
913 1911 1001 1951 μίαν

182 1958 276 1988 ἵκετο
300 1953 459 1996 χλαῖναν.
508 1955 579 1990 Ε111
604 1956 754 1990 anderer
779 1955 1000 1990 Geschmack

182 2001 240 2036 bei
255 2001 361 2036 Mart.
380 2001 433 2036 XI
452 2001 527 2045 104,
547 2001 585 2036 7;
603 2001 722 2044 fascia
742 2003 772 2034 te
790 2001 1001 2044 tunicaeque

185 2046 402 2091 obscuraque
418 2047 538 2092 pallia
563 2047 701 2081 celant:
725 2048 766 2080 at
790 2046 881 2081 mihi
897 2046 1001 2080 nulla

184 2092 286 2172 {mg-{3
308 2092 410 2127 nuda
435 2092 560 2137 puella
591 2092 694 2127 iacet.
746 2092 831 2127 Hor.
865 2095 931 2127 sat.
964 2092 1001 2126 Π

209 2165 216 2182 ,
288 2165 296 2172 .

276 2183 383 2218 6191’.
420 2184 474 2218 Im
499 2183 685 2228 Einklang
710 2183 777 2218 mit
802 2193 909 2217 amor.
935 2183 953 2217 I
970 2183 1001 2226 5,

185 2238 240 2262 wo
265 2229 380 2264 dieses
397 2229 629 2264 Halbdunkel
645 2229 737 2263 noch
762 2229 1003 2273 eingehender

186 2273 413 2309 beschrieben
438 2275 538 2317 wird,
562 2275 606 2310 V.
632 2275 670 2309 3:
703 2285 794 2318 pars
826 2274 1003 2318 adaperta

184 2318 273 2364 fuit,
293 2330 385 2363 pars
403 2319 518 2354 altera
536 2320 661 2355 clausa
683 2319 875 2364 fenestrae,
901 2320 1004 2363 quale

187 2363 262 2408 fere
286 2364 395 2399 silvae
420 2365 540 2400 lumen
564 2365 690 2400 habere
722 2366 845 2401 solent,
879 2366 1003 2409 qualia

187 2409 374 2444 sublucent
405 2410 569 2456 fuyicnte
606 2411 816 2456 crepuscula
852 2411 1003 2455 Phoebo,

188 2457 256 2490 aut
277 2455 341 2489 ubi
365 2466 440 2490 noce
465 2456 565 2501 abiit,
591 2467 653 2491 nec
670 2459 790 2491 tamen
809 2460 891 2491 orta
909 2457 1003 2491 dies:

191 2501 255 2535 illa
276 2501 480 2535 verecundis
498 2502 562 2536 luae
580 2504 632 2536 est
641 2502 846 2546 praebenda
858 2502 1002 2547 puellis,

189 2557 259 2590 qua
274 2546 427 2581 timidus
441 2547 594 2581 latebras
606 2550 723 2591 speret
734 2548 861 2582 habere
877 2548 1003 2592 pudor.

188 2593 259 2628 Ein
277 2597 389 2627 etwas
408 2592 557 2627 anderer
575 2592 807 2637 Standpunkt
825 2594 881 2628 bei
899 2594 1003 2629 Mart.

188 2638 240 2673 XI
258 2638 334 2682 104,
352 2639 391 2672 5:
420 2639 458 2671 tu
476 2637 628 2672 tenebris
642 2638 797 2683 yaucles:
814 2650 867 2673 11ιο
885 2639 1006 2674 ludere

193 2685 278 2718 teste
303 2683 458 2725 lucerna,
485 2685 517 2717 ct
535 2683 640 2718 iuvat
663 2684 822 2718 admissa,
840 2696 1006 2729 rumpere

190 2729 266 2764 luce
295 2729 401 2764 latus.
450 2729 533 2773 Vgl.
560 2729 649 2763 auch
676 2730 761 2764 Eur.
786 2730 828 2763 fr.
854 2730 920 2764 524
945 2730 1006 2765 N.2

189 2775 260 2820 (bei
285 2774 379 2809 Stob.
406 2774 439 2808 fl.
466 2774 519 2818 64,
547 2774 619 2813 lm:
646 2773 666 2815 ἡ
688 2774 757 2818 γὰρ
782 2775 922 2819 Κύπρις
947 2777 1006 2807 πέ-

190 2834 280 2866 φυκε
304 2821 355 2861 τῷ
381 2820 497 2860 σκότῳ
523 2817 615 2864 φίλη,
640 2820 681 2853 τὸ
700 2821 775 2864 φῶς
791 2819 821 2852 δ’
846 2819 1007 2864 ἀνάγκην

191 2867 409 2911 προστίθησι
434 2874 646 2910 σωφροινὲΐν,

282 2911 363 2947 621.
403 2913 487 2946 tnnc
518 2912 554 2946 in
589 2911 656 2945 den
686 2910 812 2945 Zeiten
844 2911 1007 2946 unkulti-

452 1113 514 1155 Ut
547 1124 760 1164 quamque
790 1111 1016 1165 adtigeris,
1047 1110 1200 1152 fabula
1230 1110 1373 1162 turpis
1404 1109 1521 1168 erit?

1071 1224 1206 1258 vierter
1238 1223 1518 1264 Naturlichkeit,
1551 1233 1622 1256 von
1653 1222 1766 1256 denen
1799 1222 1888 1257 oben

1068 1270 1286 1314 gesprochen
1312 1269 1378 1303 ist:
1404 1269 1446 1303 V.
1472 1268 1584 1302 473ff.

1159 1315 1239 1350 622.
1274 1315 1342 1349 Die
1367 1314 1554 1349 einfachen
1578 1313 1888 1347 Naturmenschen

1068 1372 1137 1395 von
1169 1361 1307 1394 damals
1339 1361 1505 1404 lagerten
1539 1359 1612 1393 sich
1642 1358 1689 1392 im
1715 1358 1887 1393 Schatten

1067 1407 1129 1440 der
1147 1406 1281 1440 Eichen
1306 1406 1379 1440 und
1404 1406 1557 1440 nahrten
1583 1404 1657 1439 sich
1683 1414 1753 1438 von
1778 1404 1886 1438 deren

1067 1452 1259 1486 Friichten.
1308 1452 1392 1495 vgl.
1426 1451 1504 1485 Tib.
1539 1451 1576 1484 II
1601 1450 1632 1494 3,
1658 1450 1720 1484 69:
1750 1449 1886 1494 glans

1067 1497 1191 1531 aluit
1215 1499 1394 1531 veteres
1419 1500 1454 1530 et
1470 1496 1613 1540 passim
1630 1506 1767 1539 semper
1782 1506 1885 1529 ama-

1066 1545 1165 1577 runt.
1199 1543 1237 1577 Π
1264 1544 1292 1584 1,
1317 1543 1378 1577 37:
1416 1542 1472 1576 11ιῖ3
1506 1542 1580 1576 vita
1613 1540 1800 1585 rnayistris
1832 1540 1887 1575 de-

1067 1589 1183 1623 suevit
1221 1599 1356 1632 querna
1389 1587 1523 1632 pellere
1562 1586 1693 1632 ylancle
1738 1585 1887 1629 famem.

1068 1635 1218 1669 Eicheln
1236 1634 1289 1668 als
1307 1633 1483 1678 Nahrung
1501 1634 1562 1668 der
1579 1633 1678 1667 alten
1695 1632 1886 1667 Menschen

1069 1680 1233 1715 erwahnt
1258 1680 1347 1714 auch
1372 1680 1501 1714 Juven.
1527 1679 1560 1713 V
1586 1678 1638 1720 14,
1666 1678 1740 1712 184.

1159 1725 1240 1760 623.
1286 1725 1369 1769 Vgl.
1396 1726 1499 1759 Lucr.
1526 1725 1559 1759 V
1584 1723 1669 1758 959:
1707 1726 1741 1757 et
1770 1722 1889 1758 Venus

1068 1770 1116 1805 in
1141 1770 1279 1805 silvis
1307 1770 1480 1815 iungebat
1503 1780 1653 1814 corpora
1678 1770 1889 1803 amantum:

1070 1816 1287 1851 conciliabat
1320 1817 1416 1850 enim
1453 1816 1506 1850 vel
1545 1817 1676 1849 mutua
1712 1825 1888 1858 quamque

1070 1862 1198 1906 cupido
1230 1863 1283 1896 vel
1314 1862 1469 1896 violenta
1501 1861 1573 1896 viri
1604 1860 1659 1895 vis
1691 1862 1798 1903 atque
1822 1860 1889 1894 irn-

1063 1919 1180 1952 pensa
1206 1907 1316 1942 libido
1341 1908 1393 1942 vel
1413 1908 1585 1951 pretium,
1609 1905 1758 1951 ylamles
1782 1907 1889 1949 atque

1070 1954 1192 1988 arbita
1216 1954 1269 1987 vel
1287 1953 1375 1997 pira
1401 1953 1500 1987 lecta.
1541 1952 1646 1995 Prop.
1673 1952 1730 1986 III
1756 1951 1808 1994 13,
1826 1951 1889 1985 33:

1071 1999 1126 2034 liis
1145 2001 1221 2033 tuin
1239 1998 1429 2033 blanditiis
1444 1998 1727 2042 furtivaper
1747 2008 1803 2031 an
1816 1999 1890 2030 tra

1065 2045 1210 2089 puellae
1248 2045 1370 2079 oscula
1404 2043 1577 2078 silvicolis
1610 2045 1730 2088 empta
1767 2041 1891 2077 deflere

1070 2102 1172 2125 viris.

1162 2136 1227 2170 sub
1253 2135 1342 2170 Jove
1365 2152 1411 2164 -—-
1433 2134 1498 2169 sub
1523 2134 1592 2168 clio.
1641 2134 1726 2179 Vgl.
1751 2133 1891 2168 Ennius

1071 2182 1196 2226 Epich.
1222 2182 1243 2216 8
1275 2182 1321 2225 (p.
1348 2181 1414 2215 168
1440 2180 1616 2223 Vahlen):
1652 2180 1737 2214 istic
1771 2181 1825 2214 est
1859 2180 1892 2213 is

1072 2228 1252 2272 Juppiter,
1291 2238 1393 2271 quern
1425 2226 1513 2271 clico,
1548 2237 1650 2270 quem
1679 2225 1810 2260 Graeci
1834 2236 1892 2259 vo-

1073 2276 1158 2308 cant
1182 2284 1310 2308 aerem.
1350 2304 1353 2305 γ
1469 2310 1475 2315 ‚⁷
1579 2306 1581 2308 ,

1163 2319 1244 2353 625.
1285 2317 1421 2353 titulo-§³
1442 2315 1516 2362 ugl.
1535 2315 1596 2352 'zu
1620 2317 1639 2351 Ι
1663 2316 1740 2351 692.
1789 2316 1891 2350 Auch

1073 2364 1166 2399 actis
1198 2365 1247 2399 ist
1279 2364 1326 2398 im
1354 2364 1460 2398 Sinne
1493 2364 1554 2398 des
1578 2363 1646 2397 mit
1671 2363 1791 2397 seinen
1818 2372 1892 2396 ero-

1074 2411 1211 2446 tischen
1227 2410 1457 2445 Abenteuern
1472 2408 1817 2443 Renommierenden
1829 2417 1891 2451 ge-

1074 2460 1167 2501 sagt,
1193 2454 1496 2491 ‘Heldenthaten'.

1165 2502 1245 2537 627.
1297 2503 1462 2535 eaecntcre
1499 2500 1596 2534 steht
1632 2498 1710 2533 hier
1742 2498 1778 2532 in
1811 2498 1891 2531 dem

1075 2547 1182 2582 Sinne
1208 2558 1277 2582 von
1293 2545 1592 2581 ‘durchinustern'
1610 2544 1677 2578 wie
1695 2543 1751 2577 bei
1769 2543 1891 2585 Quint.

1074 2594 1092 2628 Ι
1116 2594 1147 2636 4,
1174 2593 1211 2627 4:
1252 2603 1313 2627 nec
1342 2594 1467 2636 poetas
1500 2591 1622 2634 1091330
1646 2591 1703 2623 sat
1728 2590 1799 2622 est:
1830 2599 1892 2622 ex-

1075 2638 1285 2673 cutiendum
1319 2649 1421 2671 omne
1445 2637 1661 2680 scriptorum
1687 2645 1799 2678 {Jenns
1824 2638 1891 2668 etc.

1167 2685 1247 2718 629.
1297 2685 1385 2718 Ζ11111
1411 2682 1601 2716 Ausdruck
1635 2681 1710 2723 vgl.
1743 2680 1805 2714 das
1835 2679 1895 2714 be-

1075 2730 1212 2765 kannte
1230 2730 1336 2764 VVort
1360 2729 1421 2762 des
1443 2727 1586 2762 Persius
1605 2726 1648 2769 (1,
1666 2725 1723 2767 28)
1748 2727 1789 2759 at
1808 2725 1892 2768 pul-

1076 2775 1203 2809 chrum
1236 2776 1289 2808 cst
1321 2774 1432 2818 ‹liyito
1472 2770 1671 2806 monstrari
1710 2772 1744 2804 et
1782 2770 1894 2805 dicier

1075 2820 1145 2855 ‘liic
1170 2820 1241 2855 cst'.

1167 2867 1249 2901 (530.
1285 2864 1410 2907 fabula
1448 2862 1566 2906 turpis
1599 2861 1670 2896 eris
1701 2861 1775 2905 vgl.
1809 2861 1893 2896 Hor.

1079 2912 1177 2955 epod.
1205 2912 1257 2954 11,
1283 2912 1322 2944 δ;
1358 2909 1483 2952 fabula
1511 2909 1647 2952 quanta
1673 2906 1755 2950 fui!
1788 2907 1894 2951 epist.

1642 2964 1683 2998 8*
