2178 3435
886 188 943 222 111
967 186 1158 221 647—687.

1792 184 1871 225 191

443 303 598 346 Mittor
629 305 672 344 et
702 301 860 343 indicio
891 301 1048 352 prodor
1079 300 1133 341 ab
1164 298 1255 351 ipse
1286 297 1410 340 meo?

375 361 470 403 Non
501 359 593 403 avis
624 358 863 410 aucupibus
894 360 1116 409 monstrat,
1150 368 1234 408 qua
1264 360 1389 407 parte
1420 358 1622 407 petatur;

286 425 354 460 670

444 417 539 459 Non
571 418 694 458 docet
719 415 901 457 infestos
932 426 1106 456 currere
1137 425 1266 455 cerva
1297 424 1436 454 canes.

376 473 550 516 Viderit
578 473 768 516 utilitas!
802 485 880 526 ego
912 475 1064 523 coepta
1094 470 1283 512 fideliter
1314 471 1438 511 edam

444 530 664 572 Lenmiasi
693 535 737 572 et
767 529 936 582 gladios
966 528 1010 569 in
1041 540 1135 569 mea
1166 526 1262 568 fata
1295 527 1414 568 dabo.

378 587 556 630 Efficite
589 587 651 642 (et
684 586 886 634 facilest),
917 588 966 627 ut
997 596 1073 626 nos
1104 585 1326 626 credamus
1358 583 1515 624 amari:

449 645 592 686 Prona
618 644 741 686 venit
771 642 938 695 cupidis
968 641 1013 682 in
1045 653 1123 682 sua
1150 645 1253 682 vota
1285 640 1401 681 fides.

289 709 358 745 675
385 702 564 755 Spectet
595 700 822 743 amabilius
853 699 1052 740 iuvenem
1082 702 1127 739 et
1158 697 1345 748 suspiret-
1377 697 1432 737 ab
1464 695 1546 737 imo

448 757 640 808 Femina,
669 762 758 798 tam
790 767 883 797 sero
916 767 991 796 cur
1021 754 1259 804 veniatque
1291 758 1433 805 roget-3

379 815 603 857 Accedant
631 812 833 855 lacrimae
865 811 983 852 dolor
1007 815 1052 852 et
1082 811 1134 851 de
1165 809 1329 861 paelice
1359 809 1495 862 fictus,

448 872 508 913 Et
538 870 677 912 laniet
707 868 856 921 digitis
884 867 1003 909 illius
1034 879 1108 908 ora
1140 867 1250 908 suis:

380 928 632 971 Iamdudum
664 937 896 978 persuasus
927 924 1031 975 erit;
1062 923 1338 965 miserebitur
1366 922 1481 963 ultro

289 993 358 1029 680
449 984 509 1026 Et
541 983 657 1025 dicet
687 982 807 1024 ‘cura
837 981 1030 1034 carpitur
1059 980 1149 1022 ista
1181 978 1290 1022 mei.2

380 1040 624 1092 Praecipue
655 1040 693 1082 si
723 1039 864 1081 cultus
895 1038 980 1080 erit
1010 1038 1265 1090 speculoque
1296 1036 1499 1089 placebit,

447 1098 578 1139 Posse
609 1109 683 1139 suo
714 1096 838 1150 tangi
869 1097 1015 1138 credet
1045 1106 1188 1136 amore
1219 1095 1332 1135 deas.

379 1154 465 1197 Sed
495 1158 550 1208 te,
582 1156 932 1206 quaecumquest,
962 1153 1182 1194 moderate
1213 1150 1374 1192 iniuria
1406 1150 1577 1192 turbet:

446 1212 535 1253 Nec
564 1211 623 1253 sis
655 1210 807 1252 audita
836 1209 1001 1262 paelice
1032 1209 1192 1250 mentis
1224 1208 1358 1260 inops,

289 1275 356 1310 685
381 1269 472 1311 Nec
502 1268 588 1310 cito
620 1267 874 1310 credideris!
905 1270 1114 1318 quantum
1145 1266 1230 1307 cito
1263 1266 1436 1306 credere
1467 1264 1624 1316 laedat,

448 1325 705 1377 Exemplum
736 1324 859 1367 vobis
889 1336 972 1365 non
1004 1323 1099 1364 leve
1130 1322 1302 1364 Procris
1333 1322 1428 1363 erit.

380 1439 465 1482 Est
495 1452 626 1492 prope
657 1450 894 1491 purpureos
927 1436 1046 1479 collis
1077 1436 1272 1478 florentis
1302 1434 1502 1489 Hymetti

269 1576 350 1613 671.
383 1575 516 1610 viderit
538 1576 613 1619 vgl.
639 1575 728 1609 oben
752 1575 791 1608 Π
815 1574 891 1608 371.
929 1573 993 1608 Ov.

176 1622 251 1702 ἓῗῐ.
277 1622 331 1665 12,
356 1621 441 1656 211:
466 1620 599 1656 viderit
621 1620 693 1654 ista
719 1619 813 1654 cleas.
850 1620 994 1654 Petron.

247 1678 282 1702 U.
309 1678 336 1701 S.

268 1713 350 1747 672.
392 1711 460 1747 Die
477 1711 634 1746 Lemnia
659 1710 780 1745 caedes
796 1711 845 1745 ist
862 1710 996 1754 sprieh-

179 1758 343 1793 wo‘rtlich
376 1758 578 1803 geworden,
616 1757 690 1802 vgl.
724 1769 752 1791 z.
778 1757 818 1791 B.
853 1757 995 1800 Hesych

177 1804 244 1839 sub
268 1804 430 1845 Λήμνιον
454 1804 582 1836 κακόν·
609 1804 785 1846 παροιμία
810 1801 852 1843 ἣν
876 1800 994 1834 διαδο-

180 1849 293 1890 θῆναι
317 1860 429 1894 φασιν
453 1847 522 1881 ὑπὸ
548 1849 624 1880 τῶν
651 1847 996 1892 παρανομηθέντων

178 1896 225 1929 εἰς
248 1895 331 1929 τοὺς
355 1892 488 1939 ἄνδρας
521 1894 560 1925 ἐν
584 1893 720 1935 Λήμνῳ
748 1893 815 1925 ὑπὸ
838 1894 914 1925 τιῦν
936 1906 995 1936 γι·-

178 1941 325 1974 ναικῶ-ν.
361 1941 435 1974 Zur
460 1940 570 1974 Sache
595 1940 668 1983 vgl.
695 1939 856 1983 Apollod.
875 1940 893 1973 Ι
911 1939 994 1973 114:

177 1986 277 2026 ἔτυχε
301 1984 340 2018 δὲ
366 1986 386 2026 ἡ
410 1986 553 2027 Λῆμνος
577 1983 722 2028 ἀνδρῶν
748 1987 828 2017 τότε
847 1985 913 2029 (als
938 1984 995 2018 die

179 2032 415 2076 Argonauten
440 2031 521 2066 dort
544 2031 727 2074 laudeten)
745 2027 833 2062 οὖσα
858 2031 997 2074 ἕρημος,

178 2074 438 2119 βασιλευομένη
462 2074 501 2109 δὲ
528 2075 596 2109 ’ὑπὸ
622 2074 825 2120 ‘Tui-12³2&
848 2077 909 2116 τῆς
929 2076 995 2108 Θό-

180 2135 284 2157 αντος
316 2120 359 2156 δι’
393 2123 512 2154 αἰτίαν
536 2120 653 2163 τήνδε,
691 2123 726 2153 αἱ
750 2123 906 2164 Λήμνιαι
931 2122 997 2162 τὴν

177 2166 386 2213 Ἀφροδίτην
409 2167 473 2200 οὐκ
498 2168 648 2210 ἐτίμων·
681 2166 699 2208 ἡ
724 2165 762 2199 δὲ
788 2166 911 2201 αὐταῖς
935 2168 995 2209 ἐμ-

181 2211 301 2256 βάλλει
332 2212 529 2256 δυσοσμίαν
561 2215 620 2245 καὶ
651 2211 709 2246 διὰ
741 2215 848 2245 τοῦτο
881 2214 914 2245 οἱ
938 2214 996 2257 γή-

180 2271 312 2301 μαντες
352 2258 460 2293 αὐτάς
499 2259 537 2291 ἐκ
573 2261 632 2300 τῆς
671 2256 821 2299 πλησίον
860 2260 997 2303 Θρᾴκης

181 2302 354 2347 λαβόντες
377 2302 635 2347 αἰχμαλωτίδας
651 2306 915 2345 συνευνάζοντο
934 2304 996 2336 αι’·-

180 2359 267 2385 ταῖς.
305 2347 564 2393 ἀτιμαζόμεναι
597 2349 636 2383 δὲ
669 2351 704 2382 αἱ
728 2351 885 2392 Λήμνιαι
920 2351 998 2384 τούς

181 2408 220 2428 τε
244 2397 401 2440 πατέρας
433 2398 490 2428 καὶ
521 2396 603 2430 τοὺς
628 2394 760 2439 ἄνδρας
784 2397 996 2440 φονεύουσι·

181 2441 274 2483 μόνη
313 2439 352 2474 δὲ
390 2442 524 2474 ἔσωσεν
556 2440 733 2486 Ὑψιπύλη
772 2442 838 2474 τὸν
874 2442 998 2481 ἑαυτῆς

182 2488 321 2531 πατέρα
358 2487 526 2531 κρύψασα
567 2487 722 2522 Θόαντα.
776 2488 860 2532 Vgl.
894 2487 998 2522 Pind.

182 2532 290 2576 Pyth.
322 2532 364 2576 4,.
387 2532 464 2566 252.
520 2533 587 2568 Die
623 2533 717 2578 Sage
754 2534 854 2568 hatte
891 2534 998 2568 sehon

182 2578 382 2621 Aeschylus
405 2578 443 2612 in
468 2578 530 2612 der
546 2578 744 2622 Hypsipyle
765 2579 993 2623 dargestellt3

182 2624 334 2659 naheres
359 2623 513 2658 dariiber
536 2623 586 2658 ist
601 2624 701 2659 nicht
718 2624 896 2668 bekannt3
922 2625 998 2669 vgl.

183 2668 319 2711 Nauck,
346 2669 466 2703 TGF2
490 2680 524 2713 p.
551 2669 604 2704 79.

274 2714 356 2749 674.
392 2714 476 2759 Vgl.
501 2714 601 2749 Caes.
626 2714 696 2748 BC.
721 2714 758 2748 II
774 2715 828 2758 27,
846 2715 885 2749 2;
911 2726 1000 2758 qaae

184 2759 358 2804 volumus,
385 2770 425 2794 ea
450 2759 630 2794 eredimus
655 2759 812 2794 libenter.

275 2806 356 2840 676.
382 2805 449 2840 Die
465 2805 631 2849 Stellung
649 2805 710 2840 des
728 2816 792 2848 que
816 2805 865 2839 ist
881 2806 999 2840 kiihn:

184 2851 259 2897 vgl.
284 2851 476 2886 Rothstein
502 2861 546 2885 zu
572 2851 676 2894 Prop.
702 2850 739 2884 Π
764 2850 817 2893 29,
842 2850 896 2885 35.

275 2897 341 2931 677
353 2896 383 2932 f.
419 2897 501 2941 Vgl.
528 2896 616 2930 oben
640 2896 678 2930 II
703 2896 769 2929 447
784 2896 818 2930 ff.

275 2942 357 2978 679.
411 2941 627 2986 persuadere
682 2941 883 2986 perstjulich
938 2952 1003 2985 ge-

1065 1572 1233 1615 braucht3
1269 1572 1344 1617 vgl.
1370 1584 1399 1606 z.
1426 1573 1466 1606 B.
1492 1575 1585 1605 auct.
1612 1570 1656 1604 ad
1681 1570 1836 1604 Herenn.
1862 1571 1882 1604 Ι

1065 1618 1095 1661 6,
1122 1618 1175 1652 10.
1226 1618 1296 1652 Cic.
1321 1618 1367 1651 ad
1390 1618 1474 1651 fam.
1499 1617 1551 1651 VI
1576 1617 1606 1658 7,
1633 1617 1671 1650 2:
1698 1615 1731 1649 si
1755 1616 1825 1649 scit
1848 1618 1883 1649 et

1059 1674 1259 1708 persuasus
1289 1665 1342 1697 esi?
1365 1668 1430 1697 etc.
1479 1663 1559 1697 Val.
1585 1662 1677 1695 Max.
1703 1662 1760 1695 ΠΙ
1784 1661 1815 1704 8,
1842 1662 1880 1696 1;

1066 1710 1237 1753 Capuam,
1286 1708 1483 1751 fallacibus
1529 1707 1752 1741 Hannibalis
1795 1717 1881 1751 pro-

1067 1755 1186 1789 missis
1203 1754 1338 1788 ltaliae
1355 1765 1505 1798 requam
1522 1753 1669 1795 nefaria
1687 1752 1882 1796 defecti-one

1058 1800 1197 1845 pacisci
1224 1811 1450 1844 persuasam,
1488 1799 1603 1833 armis
1636 1800 1879 1842 occupaverat.

1065 1847 1150 1891 Vgl.
1177 1846 1303 1880 Nauck
1328 1857 1374 1880 zu
1399 1846 1549 1880 Phaedr.
1576 1846 1593 1879 Ι
1617 1844 1648 1887 8,
1675 1845 1705 1878 7.

1155 1892 1236 1927 685.
1265 1903 1325 1925 nce
1339 1891 1407 1925 cito
1426 1890 1618 1925 credideris
1633 1890 1683 1924 ist
1698 1890 1737 1924 in
1750 1889 1882 1924 diesem

1065 1938 1401 1979 Zusammenhange
1417 1936 1680 1975 humoristisch,
1704 1935 1785 1969 weil
1804 1935 1883 1969 eine

1067 1984 1140 2018 alte
1150 1982 1455 2018 Lebensweisheit
1469 1982 1545 2018 hier
1559 1982 1631 2016 fast
1643 1980 1881 2025 parodistisch

1064 2029 1273 2063 verwendet
1291 2029 1380 2062 wird
1395 2029 1483 2072 (vgl.
1502 2039 1547 2062 zu
1560 2029 1578 2062 Ι
1590 2027 1667 2061 459.
1685 2027 1743 2060 ΠΙ
1756 2025 1822 2060 789
1832 2026 1881 2069 fi).

1066 2075 1188 2117 Quint.
1214 2074 1284 2109 Cic.
1311 2075 1353 2109 de
1378 2078 1450 2117 pet.
1476 2084 1569 2108 cons.
1597 2073 1649 2115 10,
1670 2072 1733 2106 39:
1759 2083 1884 2115 qaam-

1065 2121 1184 2154 obrem
1217 2118 1466 2162 'Effcza‘pflecov
1500 2119 1588 2164 (vg-l.
1623 2117 1693 2153 Cic.
1727 2118 1773 2152 ad
1805 2118 1882 2152 Att,

1064 2167 1083 2200 Ι
1106 2167 1158 2209 19,
1177 2166 1212 2209 6)
1241 2165 1329 2199 illud
1353 2167 1488 2199 teneto.-
1511 2175 1638 2199 nervos
1653 2165 1761 2207 atque
1778 2164 1884 2196 cuins

1065 2222 1137 2246 esse
1184 2211 1388 2255 sapientiae
1437 2221 1508 2244 non
1556 2212 1684 2244 temere
1734 2208 1882 2243 credere.

1065 2258 1148 2302 Vgl.
1167 2256 1262 2299 Otto,
1289 2257 1346 2291 die
1371 2256 1627 2300 Sprichwtirter
1651 2255 1726 2290 und
1751 2254 1884 2298 sprich-

1065 2302 1275 2338 wortlichen
1326 2303 1573 2337 Redensarteu
1633 2301 1696 2336 der
1754 2301 1884 2334 Rtimer

1066 2361 1097 2393 p.
1116 2349 1170 2382 97.
1204 2349 1289 2383 Eur.
1307 2349 1386 2383 Hel.
1406 2348 1513 2382 1617:
1538 2348 1723 2391 σώφρονος
1748 2344 1777 2378 δ’
1804 2344 1884 2377 ἄπι-

1065 2398 1163 2427 arias
1186 2392 1251 2426 οὖκ
1275 2395 1372 2426 ἔστιν
1396 2391 1501 2426 οῦδὲν
1517 2393 1785 2435 χρησιμώτερον
1801 2394 1885 2435 βρο-

1066 2449 1149 2474 τοῖς.
1199 2440 1342 2475 Petron.
1360 2439 1421 2473 43:
1449 2450 1635 2483 utinquam
1658 2440 1779 2472 autem
1798 2438 1885 2470 recte

1064 2486 1186 2530 faciet,
1213 2486 1274 2530 qui
1299 2486 1367 2520 cito
1393 2484 1514 2529 ereda,
1549 2484 1670 2528 atique
1694 2483 1799 2517 homo
1825 2493 1882 2515 ne-

1063 2532 1219 2577 yotians.

1158 2578 1239 2612 686.
1280 2577 1363 2621 Vgl.
1390 2577 1493 2620 Prop.
1519 2576 1571 2610 IV
1597 2576 1627 2619 1,
1654 2574 1738 2608 109:
1771 2583 1885 2606 erem-

1062 2623 1168 2667 plam
1201 2634 1309 2668 yravc
1338 2622 1408 2657 erit
1437 2621 1596 2656 Calchas
1653 2619 1718 2654 Bei
1744 2618 1884 2652 solchen

1066 2670 1304 2713 Berufungen
1340 2668 1389 2703 ist
1430 2668 1492 2701 das
1530 2667 1709 2701 Futurum
1747 2663 1883 2706 iiblich3

1068 2716 1142 2759 vgl.
1168 2714 1360 2749 Rothstein
1385 2724 1430 2747 zu
1456 2714 1560 2756 Prop.
1586 2712 1603 2745 I
1628 2711 1682 2753 20,
1708 2710 1740 2742 4.

1161 2759 1357 2795 687—746.
1406 2757 1667 2801 Episodeuhaft
1712 2754 1798 2799 (vgl.
1839 2764 1884 2788 zu

1068 2806 1105 2840 II
1117 2805 1313 2841 561—58ffi
1332 2804 1471 2838 erza'hlt
1488 2803 1550 2837 der
1566 2801 1736 2845 klinftige
1751 2799 1886 2843 Epiker

1068 2851 1125 2886 die
1158 2850 1334 2885 riihrende
1367 2848 1649 2883 Geschichte
1684 2856 1770 2881 vou
1807 2844 1887 2879 Ce-

1068 2897 1235 2940 phalus
1261 2895 1348 2930 und
1374 2894 1570 2929 Procris.
1619 2892 1701 2936 Vgl.
1727 2890 1784 2925 die
1800 2890 1886 2925 Ein-

1068 2942 1210 2987 leitung
1246 2952 1278 2985 p.
1313 2941 1390 2974 XX.
1451 2939 1521 2974 Eiu
1558 2939 1693 2972 Drama
1729 2937 1792 2971 des
1828 2935 1886 2970 So-
